@article{hsl:515,
	author = {黄岁樑},
	title = {冲积河流重金属污染物迁移转化数值模拟控制 方程及其物理意义},
	publisher = {中国科学 技术科学},
	year = {2010},
	journal = {中国科学 技术科学},
	volume = {40},
	number = {5},
	eid = {515},
	numpages = {9},
	pages = {515},
	keywords = {<p>重金属;迁移转化;水、泥沙和污染物相互作用;冲积河流;数值模拟</p>},
	url = {http://tech.scichina.com:8082/sciE/CN/abstract/article_417631.shtml},
	doi = {10.1360/ze2010-40-5-515}
}
@article{air_model,
	author = {U.S. Environmental Protection Agency},
	title = {Air Quality Modeling Technical Support Document for the 2007 Fine Scale Modeling Platform},
	journaltitle = {Office of Air Quality Planning and Standards},
	year = {2013},
}
@article{art:jiangjie,
	author = {张胜;胡炳义;陈龙;},
	title = {重金属及有机物污染土壤的植物修复机制},
	publisher = {河南农业科学},
	year = {2006},
	journal = {河南农业科学},
	volume = {35},
	number = {7},
	eid = {10},
	numpages = {4},
	pages = {10},
	keywords = {土壤污染;植物修复;机制;转基因植物},
	url = {http://www.hnnykx.org.cn/CN/abstract/article_6492.shtml},
	doi = {10.3969/j.issn.1004-3268.2006.07.003}
}
@article {GEAN:GEAN338,
	author = {Anselin, Luc},
	title = {Local Indicators of Spatial Association—LISA},
	journal = {Geographical Analysis},
	volume = {27},
	number = {2},
	publisher = {Blackwell Publishing Ltd},
	issn = {1538-4632},
	url = {http://dx.doi.org/10.1111/j.1538-4632.1995.tb00338.x},
	doi = {10.1111/j.1538-4632.1995.tb00338.x},
	pages = {93--115},
	year = {1995},
}
@book{mitchell_2012, 
	place={Redlands, CA}, 
	title={The Esri guide to GIS analysis. modeling suitability, movement, and interaction},
	publisher={Esri Press}, 
	author={Mitchell, Andy}, 
	year={2012}
}
@article{journals/jei/Amidror02,
	added-at = {2010-07-21T15:55:05.000+0200},
	author = {Amidror, Isaac},
	biburl = {http://www.bibsonomy.org/bibtex/2f50c29f797d77a1db0e40256dc46c371/dblp},
	date = {2010-07-14},
	ee = {http://dx.doi.org/10.1117/1.1455013},
	interhash = {c6f38d87b362473ff08c11abf27e37f7},
	intrahash = {f50c29f797d77a1db0e40256dc46c371},
	journal = {J. Electronic Imaging},
	keywords = {dblp},
	number = 2,
	pages = {157-176},
	timestamp = {2010-07-21T15:55:05.000+0200},
	title = {Scattered data interpolation methods for electronic imaging systems: a survey.},
	url = {http://dblp.uni-trier.de/db/journals/jei/jei11.html#Amidror02},
	volume = 11,
	year = 2002
}